@article{1975:Wyner,
    author = {Wyner, A. D.},
    journal = {Bell Systems Technical Journal},
    keywords = {secrecy, security, wiretap, wyner},
    number = {8},
    pages = {1355--1387},
    posted-at = {2009-12-07 11:54:05},
    priority = {2},
    title = {{The Wire-tap Channel}},
    volume = {54},
    year = {1975},
    optnote = {4. The wire-tap channel
Introduction of an information theoretical channel with a passive adversary
also talks about secrecy rate},
}

@article{vtr8,
	title={VTR 8: High Performance CAD and Customizable FPGA Architecture Modelling},
	author={Murray, Kevin E. and Petelin, Oleg and Zhong, Sheng and Wang, Jai Min and ElDafrawy, Mohamed and Legault, Jean-Philippe and Sha, Eugene and Graham, Aaron G. and Wu, Jean and Walker, Matthew J. P. and Zeng, Hanqing and Patros, Panagiotis and Luu, Jason and Kent, Kenneth B. and Betz, Vaughn},
	journal={ACM Trans. Reconfigurable Technol. Syst.},
	year={2020}
}

@online{ABC-web,
	title={ABC: A System for Sequential Synthesis and Verification},
	author={Alan Mishchenko},
	url={https://people.eecs.berkeley.edu/~alanmi/abc/},
	year={2012}
}
